<?xml version="1.0" encoding="UTF-8"?><collection xmlns="http://www.loc.gov/MARC21/slim"><record><leader>00579nam--2200193-u-4500</leader><controlfield tag="001">000051033</controlfield><controlfield tag="002">20161230</controlfield><controlfield tag="005">20170125152900</controlfield><controlfield tag="008">080513s1000------------r-----000-0-eng-d</controlfield><datafield ind1=" " ind2=" " tag="020"><subfield code="a">512.573 (082.1)</subfield></datafield><datafield ind1=" " ind2=" " tag="040"><subfield code="a">IFIN-HH</subfield></datafield><datafield ind1=" " ind2=" " tag="080"><subfield code="a">0-387-07406-6</subfield></datafield><datafield ind1="1" ind2=" " tag="100"><subfield code="a">Dlab, V</subfield></datafield><datafield ind1="1" ind2=" " tag="245"><subfield code="a">Representations of Algebras, Proceedings of the International Conference Ottawa 1974</subfield></datafield><datafield ind1=" " ind2=" " tag="260"><subfield code="a">Berlin</subfield><subfield code="b">Springer-Verlag</subfield><subfield code="c">1975</subfield></datafield><datafield ind1=" " ind2=" " tag="490"><subfield code="a">Lectures Notes in Mathematics Edited by Dold A. and Eckmann</subfield><subfield code="v">488</subfield></datafield><datafield ind1=" " ind2=" " tag="700"><subfield code="a">Gabriel, P</subfield></datafield><datafield ind1=" " ind2=" " tag="852"><subfield code="a">45398</subfield><subfield code="c">512</subfield></datafield><datafield ind1=" " ind2=" " tag="CAT"><subfield code="a">SYS</subfield><subfield code="c">20170125</subfield><subfield code="h">152900</subfield></datafield></record></collection>